@article{qal2017jy,
  title={基于ARM的多功能环境检测系统},
  author={曲爱玲，马长路},
  journal={仪表技术与传感器},
  number={9},
  pages={91-93},
  year={2017},
}

@article{wl2016dgn,
  title={多功能PM2.5检测系统},
  author={王路，曲伟，胡家骏},
  journal={黑龙江大学工程学报},
  volume={7},
  number={1},
  pages={66-72},
  year={2016},
}

@article{cz2016yz,
  title={一种PM2.5检测系统的设计与实现},
  author={陈卓},
  journal={数字技术与应用},
  number={11},
  pages={143-144},
  year={2016},
}

@article{2018slrxh,
  title={试论人性化设计在室内环境艺术设计中的应用},
  journal={建材与装饰},
  volume={560},
  number={51},
  pages={62-63},
  year={2018},
}