@article{曲爱玲2017基于,
  title={基于ARM的多功能环境检测系统},
  author={曲爱玲 and 马长路},
  journal={仪表技术与传感器},
  number={9},
  pages={91-93},
  year={2017},
}

@article{王路2016多功能,
  title={多功能PM2.5检测系统},
  author={王路 and 曲伟 and 胡家骏},
  journal={黑龙江大学工程学报},
  volume={7},
  number={1},
  pages={66-72},
  year={2016},
}

@article{陈卓2016一种,
  title={一种PM2.5检测系统的设计与实现},
  author={陈卓},
  journal={数字技术与应用},
  number={11},
  pages={143-144},
  year={2016},
}