@article{qal2017jy,
  title={基于ARM的多功能环境检测系统},
  author={曲爱玲，马长路},
  journal={仪表技术与传感器},
  number={9},
  pages={91-93},
  year={2017},
}

@article{wl2016dgn,
  title={多功能PM2.5检测系统},
  author={王路，曲伟，胡家骏},
  journal={黑龙江大学工程学报},
  volume={7},
  number={1},
  pages={66-72},
  year={2016},
}

@article{cz2016yz,
  title={一种PM2.5检测系统的设计与实现},
  author={陈卓},
  journal={数字技术与应用},
  number={11},
  pages={143-144},
  year={2016},
}

@article{2018slrxh,
  title={试论人性化设计在室内环境艺术设计中的应用},
  journal={建材与装饰},
  volume={560},
  number={51},
  pages={62-63},
  year={2018},
}

@manual{PMS7003,
    organization  = "Kamami",
    title         = "Digital universal particle conocentration sensor PMS7003",
    number        = "PMS7003",
    year          =  2016,
    month         =  6,    
    note          = "Rev 2.5"
}

@manual{GP2Y1050,
    organization  = "SHARP",
    title         = "Compact Optical Dust Sensor GP2Y1050AU0F",
    number        = "GP2Y1050AU0F",
    year          =  2016,
    month         =  1,    
    note          = "Spec No.SES13Z04"
}

@manual{LDR,
    organization  = "SUNROM",
    title         = "Light Dependent Resistor 3190",
    number        = "3190",
    year          =  2008,
    month         =  8
}

@manual{PCF8574,
    organization  = "Texas Instruments",
    title         = "Remote 8-bit I/O Expander for I2C Bus PCF8574",
    number        = "PCF8574",
    year          =  2015,
    month         =  3,    
    note          = "SCPS068J –JULY 2001–REVISED MARCH 2015"
}

 @misc{ wiki:I2C,
   author = "{Wikipedia contributors}",
   title = "I2C --- {W}ikipedia{,} The Free Encyclopedia",
   year = "2004",
   url = "https://en.wikipedia.org/wiki/I%C2%B2C",
   note = "[Online; accessed 23-June-2019]"
 }

@manual{dht11,
    organization  = "ASAIR",
    title         = "Humidity and Temperature Sensor DHT11",
    number        = "DHT11",
    year          =  2012,
    month         =  3
}

@manual{BMP180,
    organization  = "BOSCH",
    title         = "Digital pressure sensor BMP180",
    number        = "BMP180",
    year          =  2013,
    month         =  4,    
    note          = "Rev. 2.5"
}

@manual{555,
    organization  = "Texas Instruments",
    title         = "xx555 Precision Timers NA555, NE555, SA555, SE555",
    number        = "NA555, NE555, SA555, SE555",
    year          =  2014,
    month         =  10,    
    note          = "SLFS022I –SEPTEMBER 1973–REVISED SEPTEMBER 2014"
}

@manual{556,
    organization  = "Texas Instruments",
    title         = "Dual Precision Timers NA556, NE556, SA556, SE556",
    number        = "NA556, NE556, SA556, SE556",
    year          =  2006,
    month         =  6,    
    note          = "SLFS023G–APRIL 1978–REVISED JUNE 2006"
}

@manual{558,
    organization  = "PHILIPS",
    title         = "Quad timer NE558",
    number        = "NE558",
    year          =  2003,
    month         =  2
}


 @article{keuninckx_sande_danckaert_2015, title={Simple Two-Transistor Single-Supply Resistor–Capacitor Chaotic Oscillator}, volume={62}, DOI={10.1109/tcsii.2015.2435211}, number={9}, journal={IEEE Transactions on Circuits and Systems II: Express Briefs}, author={Keuninckx, Lars and Sande, Guy Van Der and Danckaert, Jan}, year={2015}, pages={891–895}}